
@online{sonnenberg_roboter_nodate,
	title = {Roboter arbeitet dank Kamerasystem selbstständig},
	url = {https://www.maschinenmarkt.vogel.de/roboter-arbeitet-dank-kamerasystem-selbststaendig-a-800685/},
	abstract = {Ein Kuka-Roboter vom Typ {KR} 20 automatisiert beim Haushaltsgerätehersteller Miele die Produktion von Antriebsmotoren für Haushaltswäschetrockner. Mittels Kamerasystem arbeitet der Roboter weitestgehend eigenständig.},
	author = {Sonnenberg, Victoria},
	urldate = {2021-12-17},
	langid = {german},
	file = {Snapshot:/home/dennis/snap/zotero-snap/common/Zotero/storage/5V4ZSKDB/roboter-arbeitet-dank-kamerasystem-selbststaendig-a-800685.html:text/html},
}

@online{noauthor_stereokameras_2012,
	title = {Stereokameras: Roboter sieht in 3D},
	url = {https://automationspraxis.industrie.de/news/stereokameras-roboter-sieht-in-3d/},
	shorttitle = {Stereokameras},
	abstract = {3D-Bildverarbeitung für sehende Roboter sowie immer kleinere und einfachere Kamerasysteme: Diese Trends haben die geprägt. Diese konnte zum 25. Jubiläum},
	titleaddon = {Automationspraxis},
	urldate = {2021-12-17},
	date = {2012-11-09},
	langid = {german},
	file = {Snapshot:/home/dennis/snap/zotero-snap/common/Zotero/storage/827PYA8K/stereokameras-roboter-sieht-in-3d.html:text/html},
}

@article{kuhnert_vergleich_nodate,
	title = {Vergleich und Bewertung von 3D-Sensoren für mobile Roboter},
	pages = {20},
	author = {Kuhnert, Maike},
	langid = {german},
	file = {Kuhnert - Vergleich und Bewertung von 3D-Sensoren für mobile.pdf:/home/dennis/snap/zotero-snap/common/Zotero/storage/3GTIUNEF/Kuhnert - Vergleich und Bewertung von 3D-Sensoren für mobile.pdf:application/pdf},
}

@inreference{noauthor_tof-kamera_2021,
	title = {{TOF}-Kamera},
	rights = {Creative Commons Attribution-{ShareAlike} License},
	url = {https://de.wikipedia.org/w/index.php?title=TOF-Kamera&oldid=214709939},
	abstract = {{TOF}-Kameras sind 3D-Kamerasysteme, die mit dem Laufzeitverfahren (englisch: time of flight, {TOF}, auch {ToF}) Distanzen messen. Sie werden nach dem verwendeten {PMD}-Sensor auch {PMD}-Kameras genannt. Dazu wird die Szene mittels eines Lichtpulses ausgeleuchtet, und die Kamera misst für jeden Bildpunkt die Zeit, die das Licht bis zum Objekt und wieder zurück braucht. Die benötigte Zeit ist direkt proportional zur Distanz. Die Kamera liefert somit für jeden Bildpunkt die Entfernung des darauf abgebildeten Objektes. Das Prinzip entspricht dem Laserscanning mit dem Vorteil, dass eine ganze Szene auf einmal aufgenommen wird und nicht abgetastet werden muss.
{TOF}-Kameras sind im Gegensatz zu anderen Methoden eine relativ neue Entwicklung. Die Systeme können im Entfernungsbereich von einigen Dezimetern bis ca. 40 m eingesetzt werden. Die Distanzauflösung beträgt dabei etwa 1 cm, die lateralen Auflösungen erreichen etwa 200 × 200 Pixel. Ein Vorteil dieser Kameras ist die hohe Bildwiederholrate von bis zu 512 Bildern pro Sekunde.
Beispiele für {TOF}-Kameras},
	booktitle = {Wikipedia},
	urldate = {2021-12-23},
	date = {2021-08-12},
	langid = {german},
	note = {Page Version {ID}: 214709939},
	file = {Snapshot:/home/dennis/snap/zotero-snap/common/Zotero/storage/URWZQPMW/index.html:text/html},
}

@online{prof_dr-ing_gunter_pomaska_primesensorpng_2013,
	title = {{primeSensor}.png ({PNG} Image, 380 × 312 pixels)},
	url = {https://www.scanner.imagefact.de/img/primeSensor.png},
	author = {Prof. Dr.-Ing. Günter Pomaska},
	urldate = {2021-12-23},
	date = {2013},
	file = {primeSensor.png (PNG Image, 380 × 312 pixels):/home/dennis/snap/zotero-snap/common/Zotero/storage/362BGWSP/primeSensor.html:text/html},
}

@online{prof_dr-ing_gunter_pomaska_tiefenkameras_2013,
	title = {Tiefenkameras},
	url = {https://www.scanner.imagefact.de/de/depthcam.html},
	author = {{Prof. Dr.-Ing. Günter Pomaska}},
	urldate = {2021-12-23},
	date = {2013},
	file = {Tiefenkameras:/home/dennis/snap/zotero-snap/common/Zotero/storage/RRSEQTYS/depthcam.html:text/html},
}

@online{carmensourceforgenet_carmen_nodate,
	title = {{CARMEN}},
	url = {http://carmen.sourceforge.net/},
	author = {{carmen.sourceforge.net}},
	urldate = {2021-12-29},
	file = {CARMEN:/home/dennis/snap/zotero-snap/common/Zotero/storage/AZL52D36/carmen.sourceforge.net.html:text/html},
}

@book{wust_grundlagen_2018,
	title = {Grundlagen der Robotik},
	url = {https://homepages.thm.de/~hg6458/Robotik/Robotik.pdf},
	pagetotal = {145},
	author = {Wüst, Klaus},
	urldate = {2021-12-30},
	date = {2018-07-25},
	langid = {german},
}

@misc{leber_steuerung_2021,
	title = {Steuerung eines Roboterarms mit Industrial {ROS} und {KI}-basierte Handhabung von ungeordnet zugeführten Teilen},
	author = {Leber, Marvin},
	urldate = {2022-02-01},
	date = {2021-09-30},
	langid = {german},
}

@online{schnell_deutschland_2021,
	title = {Deutschland auf Platz 5 des weltweiten Robotermarktes - ingenieur.de},
	url = {https://www.ingenieur.de/fachmedien/konstruktion/automatisierung/deutschland-auf-platz-5-des-weltweiten-robotermarktes/},
	abstract = {Deutschland ist in der Europäischen Union mit rund 230.000 Industrie-Robotern die am stärksten automatisierte Volkswirtschaft. Dies hat die International},
	titleaddon = {ingenieur.de - Jobbörse und Nachrichtenportal für Ingenieure},
	author = {Schnell, Udo},
	urldate = {2022-01-17},
	date = {2021-10-29},
	langid = {german},
	file = {Snapshot:/home/dennis/snap/zotero-snap/common/Zotero/storage/VHJTFH5J/deutschland-auf-platz-5-des-weltweiten-robotermarktes.html:text/html},
}

@online{statista_omdia_ai_2020,
	title = {{AI} market size 2018-2025},
	url = {https://www.statista.com/statistics/607716/worldwide-artificial-intelligence-market-revenues/},
	abstract = {The global artificial intelligence ({AI}) software market is forecast to experience rapid growth in the coming years, reaching 126 billion U.S. dollars by 2025.},
	titleaddon = {Statista},
	author = {Statista, Omdia},
	urldate = {2022-01-17},
	date = {2020-03},
	langid = {english},
	file = {Snapshot:/home/dennis/snap/zotero-snap/common/Zotero/storage/UHS3UBJM/worldwide-artificial-intelligence-market-revenues.html:text/html},
}

@online{ioan_a_sucan_concepts_nodate,
	title = {Concepts {\textbar} {MoveIt}},
	url = {https://moveit.ros.org/documentation/concepts/},
	author = {{Ioan A. sucan} and {Sachin Chitta}},
	urldate = {2022-02-03},
	file = {Concepts | MoveIt:/home/dennis/snap/zotero-snap/common/Zotero/storage/PBAKIUZF/concepts.html:text/html},
}

@online{sucan_planning_interface_nodate,
	title = {planning\_interface: moveit::planning\_interface::{MoveGroupInterface} Class Reference},
	url = {https://docs.ros.org/en/noetic/api/moveit_ros_planning_interface/html/classmoveit_1_1planning__interface_1_1MoveGroupInterface.html},
	author = {Sucan, Ioan},
	urldate = {2022-02-04},
	file = {planning_interface\: moveit\:\:planning_interface\:\:MoveGroupInterface Class Reference:/home/dennis/snap/zotero-snap/common/Zotero/storage/TSSNJFV3/classmoveit_1_1planning__interface_1_1MoveGroupInterface.html:text/html},
}

@online{ioan_a_sucan_moveit_commander_nodate,
	title = {moveit\_commander: moveit\_commander.move\_group.{MoveGroupCommander} Class Reference},
	url = {http://docs.ros.org/en/noetic/api/moveit_commander/html/classmoveit__commander_1_1move__group_1_1MoveGroupCommander.html},
	author = {{Ioan A. sucan}},
	urldate = {2022-02-04},
	file = {moveit_commander\: moveit_commander.move_group.MoveGroupCommander Class Reference:/home/dennis/snap/zotero-snap/common/Zotero/storage/YMW6STNI/classmoveit__commander_1_1move__group_1_1MoveGroupCommander.html:text/html},
}

@online{cory_crean_moveit_nodate,
	title = {{MoveIt} Quickstart in {RViz} — {MoveIt} Documentation: Foxy documentation},
	url = {https://moveit.picknik.ai/foxy/doc/quickstart_in_rviz/quickstart_in_rviz_tutorial.html},
	author = {{Cory Crean}},
	urldate = {2022-02-04},
}

@online{abishalini_sivaraman_planners_nodate,
	title = {Planners {\textbar} {MoveIt}},
	url = {https://moveit.ros.org/documentation/planners/},
	author = {{Abishalini Sivaraman}},
	urldate = {2022-02-04},
	file = {Planners | MoveIt:/home/dennis/snap/zotero-snap/common/Zotero/storage/NDNUB52X/planners.html:text/html},
}

@online{haschke_pilz_nodate,
	title = {Pilz Industrial Motion Planner — moveit\_tutorials Noetic documentation},
	url = {https://ros-planning.github.io/moveit_tutorials/doc/pilz_industrial_motion_planner/pilz_industrial_motion_planner.html},
	author = {Haschke, Robert and {jschleicher}},
	urldate = {2022-02-07},
	file = {Pilz Industrial Motion Planner — moveit_tutorials Noetic documentation:/home/dennis/snap/zotero-snap/common/Zotero/storage/6ZHHLDLN/pilz_industrial_motion_planner.html:text/html},
}

@article{theodorou_learning_2010,
	title = {Learning Policy Improvements with Path Integrals.},
	volume = {9},
	abstract = {With the goal to generate more scalable algorithms with higher efficiency and fewer open parameters, reinforcement learning ({RL}) has recently moved towards combining classical techniques from optimal control and dynamic programming with modern learning techniques from statistical estimation theory. In this vein, this paper suggests the framework of stochastic optimal control with path integrals to derive a novel approach to {RL} with parametrized policies. While solidly grounded in value function estimation and optimal control based on the stochastic Hamilton-Jacobi-Bellman ({HJB}) equations, policy improvements can be transformed into an approximation problem of a path integral which has no open parameters other than the exploration noise. The resulting algorithm can be conceived of as modelbased, semi-model-based, or even model free, depending on how the learning problem is structured. Our new algorithm demonstrates interesting similarities with previous {RL} research in the framework of probability matching and provides intuition why the slightly heuristically motivated probability matching approach can actually perform well. Empirical evaluations demonstrate significant performance improvements over gradient-based policy learning and scalability to high-dimensional control problems. We believe that Policy Improvement with Path Integrals ({PI} 2) offers currently one of the most efficient, numerically robust, and easy to implement algorithms for {RL} based on trajectory roll-outs.},
	pages = {828--835},
	journaltitle = {Journal of Machine Learning Research - Proceedings Track},
	shortjournal = {Journal of Machine Learning Research - Proceedings Track},
	author = {Theodorou, Evangelos and Buchli, Jonas and Schaal, Stefan},
	date = {2010-01-01},
	file = {Full Text PDF:/home/dennis/snap/zotero-snap/common/Zotero/storage/SKATM3V5/Theodorou et al. - 2010 - Learning Policy Improvements with Path Integrals..pdf:application/pdf},
}

@online{mrinal_kalakrishnan_stomp_motion_planner_nodate,
	title = {stomp\_motion\_planner - {ROS} Wiki},
	url = {https://wiki.ros.org/stomp_motion_planner},
	author = {{Mrinal Kalakrishnan}},
	urldate = {2022-02-07},
	file = {stomp_motion_planner - ROS Wiki:/home/dennis/snap/zotero-snap/common/Zotero/storage/5RJJ76RM/stomp_motion_planner.html:text/html},
}

@inproceedings{ratliff_chomp_2009,
	location = {Kobe},
	title = {{CHOMP}: Gradient optimization techniques for efficient motion planning},
	isbn = {978-1-4244-2788-8},
	url = {http://ieeexplore.ieee.org/document/5152817/},
	doi = {10.1109/ROBOT.2009.5152817},
	shorttitle = {{CHOMP}},
	abstract = {Existing high-dimensional motion planning algorithms are simultaneously overpowered and underpowered. In domains sparsely populated by obstacles, the heuristics used by sampling-based planners to navigate “narrow passages” can be needlessly complex; furthermore, additional post-processing is required to remove the jerky or extraneous motions from the paths that such planners generate. In this paper, we present {CHOMP}, a novel method for continuous path reﬁnement that uses covariant gradient techniques to improve the quality of sampled trajectories. Our optimization technique converges over a wider range of input paths and is able to optimize higherorder dynamics of trajectories than previous path optimization strategies. As a result, {CHOMP} can be used as a standalone motion planner in many real-world planning queries. The effectiveness of our proposed method is demonstrated in manipulation planning for a 6-{DOF} robotic arm as well as in trajectory generation for a walking quadruped robot.},
	eventtitle = {2009 {IEEE} International Conference on Robotics and Automation ({ICRA})},
	pages = {489--494},
	booktitle = {2009 {IEEE} International Conference on Robotics and Automation},
	publisher = {{IEEE}},
	author = {Ratliff, Nathan and Zucker, Matt and Bagnell, J. Andrew and Srinivasa, Siddhartha},
	urldate = {2022-02-08},
	date = {2009-05},
	langid = {english},
	file = {Ratliff et al. - 2009 - CHOMP Gradient optimization techniques for effici.pdf:/home/dennis/snap/zotero-snap/common/Zotero/storage/BKPADF7B/Ratliff et al. - 2009 - CHOMP Gradient optimization techniques for effici.pdf:application/pdf},
}

@online{kavraki_lab_department_of_computer_science_available_nodate,
	title = {Available Planners},
	url = {https://ompl.kavrakilab.org/planners.html},
	author = {{Kavraki Lab, Department of Computer Science}},
	urldate = {2022-02-09},
	file = {Available Planners:/home/dennis/snap/zotero-snap/common/Zotero/storage/CUMXFQBB/planners.html:text/html},
}

@inproceedings{kavraki_lab_open_2013,
	title = {Open Motion Planning Library: A Primer},
	author = {{Kavraki Lab}},
	date = {2013},
	file = {OMPL_Primer.pdf:/home/dennis/snap/zotero-snap/common/Zotero/storage/IG8647AJ/OMPL_Primer.pdf:application/pdf},
}

@misc{prof_dr_ing_hartmut_bruhm_5_2020,
	title = {5. Kinematische Transformation},
	author = {{Prof. Dr. Ing. Hartmut Bruhm}},
	urldate = {2022-10-02},
	date = {2020},
	langid = {german},
	file = {_.pdf:/home/dennis/snap/zotero-snap/common/Zotero/storage/2UH3W5FZ/_.pdf:application/pdf},
}

@misc{gries_entwicklung_2022,
	title = {Entwicklung einer {KI}-basierten Robotersteuerung mit Industrial {ROS} - Automatische Erkennung und Lokalisierung von Objekten durch ein 3D-Kamerasystem},
	author = {Gries, David},
	date = {2022-03-01},
	langid = {german},
}

@online{sir_david_brewster_stereoscope_1856,
	title = {The stereoscope : its history, theory, and construction, with its application to the fine and useful arts and to education / by Sir David Brewster.},
	url = {https://wellcomecollection.org/works/fehj4h6n},
	shorttitle = {The stereoscope},
	abstract = {The stereoscope : its history, theory, and construction, with its application to the fine and useful arts and to education / by Sir David Brewster.},
	titleaddon = {Wellcome Collection},
	author = {{Sir David Brewster}},
	urldate = {2022-02-10},
	date = {1856},
	langid = {english},
	file = {Snapshot:/home/dennis/snap/zotero-snap/common/Zotero/storage/LGV2YIMJ/fehj4h6n.html:text/html},
}

@book{waack_stereofotografie_1979,
	title = {Stereofotografie: Einführung in der Fototechnik und praktische Ratschläge für der Aufnahme},
	url = {https://books.google.de/books?id=TK5fPgAACAAJ},
	publisher = {Selbsverl.},
	author = {Waack, F.G.},
	date = {1979},
}

@article{coleman_reducing_2014,
	title = {Reducing the Barrier to Entry of Complex Robotic Software: a {MoveIt}! Case Study},
	url = {http://arxiv.org/abs/1404.3785},
	shorttitle = {Reducing the Barrier to Entry of Complex Robotic Software},
	abstract = {Developing robot agnostic software frameworks involves synthesizing the disparate ﬁelds of robotic theory and software engineering while simultaneously accounting for a large variability in hardware designs and control paradigms. As the capabilities of robotic software frameworks increase, the setup difﬁculty and learning curve for new users also increase. If the entry barriers for conﬁguring and using the software on robots is too high, even the most powerful of frameworks are useless. A growing need exists in robotic software engineering to aid users in getting started with, and customizing, the software framework as necessary for particular robotic applications. In this paper a case study is presented for the best practices found for lowering the barrier of entry in the {MoveIt}! framework, an open-source tool for mobile manipulation in {ROS}, that allows users to 1) quickly get basic motion planning functionality with minimal initial setup, 2) automate its conﬁguration and optimization, and 3) easily customize its components. A graphical interface that assists the user in conﬁguring {MoveIt}! is the cornerstone of our approach, coupled with the use of an existing standardized robot model for input, automatically generated robot-speciﬁc conﬁguration ﬁles, and a plugin-based architecture for extensibility. These best practices are summarized into a set of barrier to entry design principles applicable to other robotic software. The approaches for lowering the entry barrier are evaluated by usage statistics, a user survey, and compared against our design objectives for their effectiveness to users.},
	journaltitle = {{arXiv}:1404.3785 [cs]},
	author = {Coleman, David and Sucan, Ioan and Chitta, Sachin and Correll, Nikolaus},
	urldate = {2022-02-10},
	date = {2014-04-14},
	langid = {english},
	eprinttype = {arxiv},
	eprint = {1404.3785},
	keywords = {Computer Science - Robotics},
	file = {Coleman et al. - 2014 - Reducing the Barrier to Entry of Complex Robotic S.pdf:/home/dennis/snap/zotero-snap/common/Zotero/storage/NMFXY3C7/Coleman et al. - 2014 - Reducing the Barrier to Entry of Complex Robotic S.pdf:application/pdf},
}

@book{kreuzer_industrieroboter_1994,
	edition = {1},
	title = {Industrieroboter - Technik, Berechnung und anwendungsorientierte Auslegung},
	isbn = {978-3-642-93508-4},
	url = {https://link.springer.com/book/9783642935084},
	pagetotal = {354},
	publisher = {Springer-Verlag Berlin Heidelberg},
	author = {Kreuzer, Edwin J. and {Jan-Bernd Lugtenburg} and Meißner, Hans-Georg and Truckenbrodt, Andreas},
	urldate = {2022-02-10},
	date = {1994},
	langid = {german},
	file = {Snapshot:/home/dennis/snap/zotero-snap/common/Zotero/storage/GNILYTMV/9783642935084.html:text/html},
}

@software{serhiy_storchaka_this_2022,
	title = {This is Python version 3.11.0 alpha 5},
	url = {https://github.com/python/cpython/blob/15ee55528e1cbc47ef7e9f64186393eee40a49d9/Lib/os.py},
	abstract = {The Python programming language},
	publisher = {Python},
	author = {{Serhiy Storchaka}},
	urldate = {2022-02-14},
	date = {2022-02-14},
	note = {original-date: 2017-02-10T19:23:51Z},
}

@online{sebastian_berg_numpy_nodate,
	title = {{NumPy}},
	url = {https://numpy.org/},
	author = {{Sebastian Berg} and {Ralf Gommers} and {Charles Harris} and {Stephan Hoyer} and {Melissa Weber Mendonça} and {Inessa Pawson} and {Matti Picus} and {Stéfan van der Walt}},
	urldate = {2022-02-14},
	file = {NumPy:/home/dennis/snap/zotero-snap/common/Zotero/storage/WLZ4PZSE/numpy.org.html:text/html},
}

@software{mike_lautman_moveit_2022,
	title = {{MoveIt} Tutorials},
	rights = {{BSD}-3-Clause},
	url = {https://github.com/ros-planning/moveit_tutorials/blob/18bddfa5c7a740cfd5c69f17dd7f28f96a118c13/doc/move_group_python_interface/scripts/move_group_python_interface_tutorial.py},
	abstract = {A sphinx-based centralized documentation repo for {MoveIt}},
	publisher = {{ROS} Planning},
	author = {{Mike Lautman} and {Vatan Aksoy Tezer} and {Carlos Gonzalez} and {Sebastian Jahr} and {Dave Coleman} and {Michael Görner} and {Felix von Drigalski} and {Valerio Magnago} and {David V. Lu!!} and {Mirko Kunze} and {Dave Curtis} and {Tyler Weaver} and {simonGoldstein}},
	urldate = {2022-02-15},
	date = {2022-02-11},
	note = {original-date: 2016-08-23T00:12:38Z},
}

@article{sucan_open_2012,
	title = {The Open Motion Planning Library},
	volume = {19},
	issn = {1070-9932, 1558-223X},
	url = {https://ieeexplore.ieee.org/document/6377468/},
	doi = {10.1109/MRA.2012.2205651},
	abstract = {We describe the Open Motion Planning Library ({OMPL}), a new library for sampling-based motion planning, which contains implementations of many state-of-the-art planning algorithms. The library is designed in a way that allows the user to easily solve a variety of complex motion planning problems with minimal input. {OMPL} facilitates the addition of new motion planning algorithms and it can be conveniently interfaced with other software components. A simple graphical user interface ({GUI}) built on top of the library, a number of tutorials, demos and programming assignments have been designed to teach students about sampling-based motion planning. Finally, the library is also available for use through the Robot Operating System ({ROS}).},
	pages = {72--82},
	number = {4},
	journaltitle = {{IEEE} Robotics \& Automation Magazine},
	shortjournal = {{IEEE} Robot. Automat. Mag.},
	author = {Sucan, Ioan A. and Moll, Mark and Kavraki, Lydia E.},
	urldate = {2022-02-22},
	date = {2012-12},
	langid = {english},
	file = {Sucan et al. - 2012 - The Open Motion Planning Library.pdf:/home/dennis/snap/zotero-snap/common/Zotero/storage/LHRS4BJK/Sucan et al. - 2012 - The Open Motion Planning Library.pdf:application/pdf},
}